


@inproceedings{szmuk2018successive,
  title={Successive convexification for 6-DoF Mars rocket powered landing with free-final-time},
  author={Szmuk, Michael and Açikmeşe, Behçet},
  booktitle={2018 AIAA Guidance, Navigation, and Control Conference},
  pages={0617},
  year={2018}
}

@book{boyd2004convex,
  title={Convex Optimization},
  author={Boyd, Stephen and Vandenberghe, Lieven},
  year={2004},
  publisher={Cambridge university press}
}


@phdthesis{szmuk2019successive,
  title={Successive Convexification \& High Performance Feedback Control for Agile Flight},
  author={Szmuk, Michael},
  year={2019}
}

@inproceedings{szmuk2017successive,
  title={Successive convexification for mars 6-dof powered descent landing guidance},
  author={Szmuk, Michael and Eren, Utku and Açikmeşe, Behçet},
  booktitle={AIAA Guidance, Navigation, and Control Conference},
  pages={1500},
  year={2017}
}

@book{sj,
  author={Schaub, Hanspeter and Junkins,John L.},
  year={2018},
  title={Analytical Mechanics of Space Systems},
  publisher={American Institute of Aeronautics and Astronautics, Inc},
  address={Reston, Virginia},
  edition={Fourth},
  keywords={Orbital mechanics; Space vehicles; Control systems; Differentiable dynamical systems; Celestial mechanics},
  isbn={9781624102400;1624102409;},
  language={English},
}


@book{markley2014fundamentals,
  title={Fundamentals of Spacecraft Attitude Determination and Control},
  author={Markley, F Landis and Crassidis, John L},
  volume={33},
  year={2014},
  publisher={Springer}
}


@article{blackmore2010minimum,
  title={Minimum-landing-error powered-descent guidance for Mars landing using convex optimization},
  author={Blackmore, Lars and Açikmeşe, Behçet and Scharf, Daniel P},
  journal={Journal of guidance, control, and dynamics},
  volume={33},
  number={4},
  pages={1161--1171},
  year={2010}
}

@article{Acikmese2007convex,
  title={Convex programming approach to powered descent guidance for mars landing},
  author={Açikmeşe, Behçet and Ploen, Scott R},
  journal={Journal of Guidance, Control, and Dynamics},
  volume={30},
  number={5},
  pages={1353--1366},
  year={2007}
}



@article{andrle2013geometric,
  title={Geometric integration of quaternions},
  author={Andrle, Michael S and Crassidis, John L},
  journal={Journal of Guidance, Control, and Dynamics},
  volume={36},
  number={6},
  pages={1762--1767},
  year={2013},
  publisher={American Institute of Aeronautics and Astronautics}
}

@article{blackmore2016bridge,
  title={Autonomous Precision Landing of Space Rockets},
  author={Blackmore, Lars},
  journal={Winter Bridge on Frontiers of Engineering},
  volume={4},
  number={46},
  pages={15-29},
  year={2016},
}

@article{malyuta2019discrete,
  title={Discretization Performance and Accuracy Analysis for the Powered Descent Guidance Problem},
  author={Malyuta, Danylo and Reynolds P., Taylor and Szmuk, Michael and Mesbahi, Mehran and Açikmeşe, Behçet},
  booktitle={2019 AIAA SciTech Forum},
  year={2019}
}

@inproceedings{domahidi2013ecos,
  title={ECOS: An SOCP solver for embedded systems},
  author={Domahidi, Alexander and Chu, Eric and Boyd, Stephen},
  booktitle={2013 European Control Conference (ECC)},
  pages={3071--3076},
  year={2013},
  organization={IEEE}
}


@article{szmuk2018successivestcs,
  title={Successive convexification for real-time 6-DoF powered descent guidance with state-triggered constraints},
  author={Szmuk, Michael and Reynolds, Taylor P and Açikmeşe, Behçet},
  journal={arXiv preprint arXiv:1811.10803},
  year={2018}
}

@article{mao2018successive,
  title={Successive convexification: A superlinearly convergent algorithm for non-convex optimal control problems},
  author={Mao, Yuanqi and Szmuk, Michael and Xu, Xiangru and Açikmeşe, Behçet},
  journal={arXiv preprint arXiv:1804.06539},
  year={2018}
}

@inproceedings{jones2018recent,
  title={The Recent Large Reduction in Space Launch Cost},
  author={Jones, Harry},
  year={2018},
  organization={48th International Conference on Environmental Systems}
}


@article{klumpp1974apollo,
  title={Apollo Lunar Descent Guidance},
  author={Klumpp, Allan R},
  journal={Automatica},
  volume={10},
  number={2},
  pages={133--146},
  year={1974},
  publisher={Elsevier}
}


@inproceedings{wolf2006performance,
  title={Performance trades for Mars pinpoint landing},
  author={Wolf, Aron A and Tooley, Jeff and Ploen, Scott and Ivanov, Mark and Açikmeşe, Behçet and Gromov, Konstantin},
  booktitle={2006 IEEE Aerospace Conference},
  pages={16--pp},
  year={2006},
  organization={IEEE}
}

@article{mchenry1979space,
  title={Space shuttle ascent guidance, navigation, and control},
  author={McHenry, RL and Long, AD and Cockrell, BF and Thibodeau III, JR and Brand, TJ},
  journal={Journal of the Astronautical Sciences},
  volume={27},
  pages={1--38},
  year={1979}
}

@inproceedings{d1997optimal,
  title={An optimal guidance law for planetary landing},
  author={D'Souza, Christopher and D'Souza, Christopher},
  booktitle={Guidance, Navigation, and Control Conference},
  pages={3709},
  year={1997}
}


@article{accikmecse2011lossless,
  title={Lossless convexification of a class of optimal control problems with non-convex control constraints},
  author={A{\c{c}}{\i}kme{\c{s}}e, Beh{\c{c}}et and Blackmore, Lars},
  journal={Automatica},
  volume={47},
  number={2},
  pages={341--347},
  year={2011},
  publisher={Elsevier}
}

@inproceedings{acikmese2012g,
  title={G-fold: A real-time implementable fuel optimal large divert guidance algorithm for planetary pinpoint landing},
  author={Acikmese, B and Casoliva, J and Carson, JM and Blackmore, L},
  booktitle={Concepts and Approaches for Mars Exploration},
  volume={1679},
  year={2012}
}


@inproceedings{acikmese2013flight,
  title={Flight testing of trajectories computed by G-FOLD: Fuel optimal large divert guidance algorithm for planetary landing},
  author={Acikmese, Behcet and Aung, M and Casoliva, Jordi and Mohan, Swati and Johnson, Andrew and Scharf, Daniel and Masten, David and Scotkin, Joel and Wolf, Aron and Regehr, Martin W},
  booktitle={AAS/AIAA spaceflight mechanics meeting},
  year={2013}
}

@inproceedings{scharf2014adapt,
  title={ADAPT demonstrations of onboard large-divert guidance with a VTVL rocket},
  author={Scharf, Daniel P and Regehr, Martin W and Vaughan, Geoffery M and Benito, Joel and Ansari, Homayoon and Aung, MiMi and Johnson, Andrew and Casoliva, Jordi and Mohan, Swati and Dueri, Daniel and others},
  booktitle={2014 IEEE Aerospace Conference},
  pages={1--18},
  year={2014},
  organization={IEEE}
}

@book{nesterov1994interior,
  title={Interior-point polynomial algorithms in convex programming},
  author={Nesterov, Yurii and Nemirovskii, Arkadii},
  volume={13},
  year={1994},
  publisher={Siam}
}
@inproceedings{mao2016successive,
  title={Successive convexification of non-convex optimal control problems and its convergence properties},
  author={Mao, Yuanqi and Szmuk, Michael and A{\c{c}}{\i}kme{\c{s}}e, Beh{\c{c}}et},
  booktitle={2016 IEEE 55th Conference on Decision and Control (CDC)},
  pages={3636--3641},
  year={2016},
  organization={IEEE}
}




@article{quals_paper,
    author={Liu, Xinfu and Shen, Zuojun and Lu, Ping}, 
    journal = {Journal of Guidance, Control and Dynamics},
    number = {2},
    title = {Entry Trajectory Optimization by Second-Order Cone Programming},
    volume = {39},
    year = {2016}
}

@article{wang_paper, 
  author={Wang, Zhenbho and Grant, Michael J.}, 
  journal={AIAA Journal of Guidance, Control and Dynamics}, 
  title={Constrained Trajectory Optimization for Planetary Entry via Sequential Convex Programming}, 
  year={2017}, 
  month={October}
}

@inproceedings{ipms1,
  title={Interior Point Polynomial Methods in Convex Programming:
Theory and Applications.},
  author={Nesterov, Y E and Nemirovski, A},
  booktitle={Society for Industrial and Applied Mathematics (SIAM)},
  address = {Philadelphia},
  year={1994}
}


@inproceedings{ipms2,
  title={Self-scaled barriers and interior-point methods for convex programming.},
  author={Nesterov, Y E and Todd M J},
  booktitle={Mathematics of Operational Research},
  pages={22:1–42},
  year={1997}
}

@inproceedings{amath515,
  author={Aravkin, Aleksandr Y. and Burke, James V. and Drusvyatskiy,Dmitriy},
  booktitle={Convex Analysis and Nonsmooth Optimization},
  pages={71-92},
  year={2019}
}


@inproceedings{socp_book,
  title={Second-Order Cone Programming,
  author={Alizadeh, F. and Goldfarb, D},
  booktitle={Mathematical Programming, SN B},
  pages={95:3-51},
  year={2003}
}

@article{dueri2014automated,
  title={Automated custom code generation for embedded, real-time second order cone programming},
  author={Dueri, Daniel and Zhang, Jing and A{\c{c}}ikmese, Beh{\c{c}}et},
  journal={IFAC Proceedings Volumes},
  volume={47},
  number={3},
  pages={1605--1612},
  year={2014},
  publisher={Elsevier}
}











@inproceedings{socp_lec,
  title={Lecture 6: SOCP and SDP},
  author={Ghaoui, Laurent El},
  booktitle={EE 227A: Convex Optimization and Applications},
  pages={6:1-11},
  year={2012}
}


@inproceedings{socp_duality,
  title={Lecture 10: SOCP Duality},
  author={Ghaoui, Laurent El},
  booktitle={EE 227A: Convex Optimization and Applications},
  pages={10:1-4},
  year={2012}
}


@inproceedings{socp_NS96,
  title={Extension of Karmarkar’s algorithm onto convex quadratically constrained quadratic programming},
  author={Nemirovski, A. and Scheinberg, K.},
  booktitle={Mathematical Programming,},
  pages={72:273–289},
  year={1996}
}

% NT97 is the same as IPMs 2

@inproceedings{socp_NT98,
  title={ Primal-dual interior-point methods for self-scaled cones.},
  author={Nesterov, Y E and Todd M J},
  booktitle={SIAM Journal of Optimization},
  pages={8:324-364},
  year={1998}
}

@inproceedings{socp_FK94,
  author={Faraut, J. and Koranyi, A.},
  booktitle={Analysis on Symmetric Cones},
  year={1994}
}

@inproceedings{socp_SA01,
  title={Associative and Jordan Algebras, and Polynomial Time Interior-Point Algorithms for Symmetric Cones.},
  author={Schmieta, S. H. and Alizadeh, F.},
  booktitle={Mathematics of Operational Research},
  pages={26:543-564},
  year={2001}
}

@inproceedings{socp_SA99,
  title={Extension of Commutative Class of Primal-Dual Interior Point Algorithms to Symmetric Cones.},
  author={Schmieta, S. H. and Alizadeh, F.},
  booktitle={Technical Report RRR RUTCOR},
  publisher={Rutgers University},
  pages={13-99},
  year={1999}
}

@inproceedings{max_princ,
  title={A Survey of the Maximum Principles for Optimal Control Problems with State Constraints},
  author={Hartl, R. and Sethi, S. and Vickson, R.},
  booktitle={SIAM Review, Volume 37 No. 2},
  pages={181-218},
  year={1995}
}

@inproceedings{lcvx_proof,
  title={Lossless Convexification of Non-Convex Optimal Control Problems for State Constrained Linear Systems},
  author={Harris, M. W. and Acikmese, Behcet},
  booktitle={Automatica, Volume 50 No. 9},
  pages={2304-2311},
  year={2014}
}

@inproceedings{reentry_intro,
  author={Hicks, Kerry D.},
  booktitle={Introduction to Astrodynamic Reentry},
  publisher={United States Air Force},
  year={2009}
}

@inproceedings{lu_aerocapture,
  title={Optimal Aerocapture Guidance},
  author={Cerimele, Christopher J. and Tigges, Michael A. and Matz, Daniel A.},
  booktitle={AIAA Journal of Guidance, Control, and Dynamics, Vol. 38, No. 4},
  pages={pp. 553-565},
  year={2015}
}

@inproceedings{ipms3,
  title={On implementing a primal-dual interior-point method for conic quadratic optimization},
  author={Andersen, E. D. and Roos, C. and Terlaky, T.},
  booktitle={Mathematical Programming, Volume 95 No. 2},
  pages={249-277},
  year={2003}
}

@inproceedings{template,
  title={},
  author={last, first and last, first},
  booktitle={},
  pages={},
  year={}
}

% FROM BEFORE: 

@article{LiuSurvey2017,
author = {Liu, Xinfu and Lu, Ping and Pan, Binfeng},
journal = {Astrodynamics},
number = {1},
pages = {1-23},
title = {Survey of Convex Optimization for Aerospace Applications},
volume = {1},
year = {2017}
}
@article{Betts1998,
author = {Betts, John T.},
doi = {10.2514/2.4231},
journal = {Journal of Guidance, Control, and Dynamics},
number = {2},
pages = {193-207},
title = {{Survey of Numerical Methods for Trajectory Optimization}},
volume = {21},
year = {1998}
}
@inproceedings{Richards2015,
address = {Portland, OR},
author = {Richards, A. and How, J.},
booktitle = {Proceedings of the American Control Conference},
doi = {10.1109/ACC.2005.1470372},
pages = {2676-2683},
title = {{Mixed-integer Programming for Control}},
year = {2005}
}
@article{Biegler2014,
author = {Biegler, Lorenz T.},
doi = {10.1002/cite.201400033},
journal = {Chemie-Ingenieur-Technik},
number = {7},
pages = {943-952},
title = {{Recent advances in chemical process optimization}},
volume = {86},
year = {2014}
}

@inproceedings{Reynolds2019,
address = {San Diego, CA},
author = {Reynolds, Taylor P and Szmuk, Michael and Malyuta, Danylo and Mesbahi, Mehran and Acikmese, Behcet and Carson III, John M.},
booktitle = {AIAA SciTech Forum},
title = {{A State-Triggered Line of Sight Constraint for 6-DoF Powered Descent Guidance Problems}},
year = {2019}
}

@inproceedings{szmuk2018iros,
  title={Real-Time Quad-Rotor Path Planning for Mobile Obstacle Avoidance Using Convex Optimization},
  author={Szmuk, Michael and Pascucci, Carlo A. and {A\c c\i kme\c se}, Beh{\c{c}}et},
  booktitle={IEEE/RSJ International Conference on Intelligent Robots and Systems},
  address={Madrid, Spain},
  month={October},
  year={2018}
}

@article{szmuk2018jgcdarxiv,
  title={Successive Convexification for Real-Time 6-DoF Powered Descent Guidance with State-Triggered Constraints},
  author={Szmuk, Michael and Reynolds, Taylor P. and A{\c{c}}{\i}kme{\c{s}}e, Beh{\c{c}}et},
  journal={arXiv e-prints},
  month={November},
  year={2018},
  note={arXiv:1811.10803}
}

@inproceedings{szmuk2019scitech,
  title={Successive Convexification for 6-DoF Powered Descent Guidance with Compound State-Triggered Constraints},
  author={Szmuk, Michael and Reynolds, Taylor P. and {A\c c\i kme\c se}, Beh{\c{c}}et A and Mesbahi Mehran and Carson III, John M.},
  booktitle={AIAA Guidance, Navigation, and Control Conference},
  pages={0926},
  year={2019},
  address = {San Deigo, CAL}
}

@article{cvx,
  Author = {Michael Grant and Stephen Boyd},
  Journal = {http://cvxr.com/cvx},
  Month = {March},
  Title = {{CVX}: Matlab Software for Disciplined Convex Programming, version 2.1},
  Year = {2014}
}

@inproceedings{ecos, 
   author={Domahidi, A. and Chu, E. and Boyd, S.}, 
   booktitle={European Control Conference (ECC)}, 
   title={ECOS: An SOCP Solver for Embedded Systems}, 
   year={2013},
   month={July},
   address={Zurich, Switzerland},
   pages={3071-3076}
}

@inproceedings{boyd_cvxopt, 
  author={Boyd, Stephen and Vandenberghe, Lieven}, 
  booktitle={Convex Optimization}, 
  address={University Printing House, Cambridge CB2 8BS, UK},
  title={Theory}, 
  pages={19-66},
  year={2004}, 
}

@article{Acikmese2007,
  doi = {10.2514/1.27553},
  url = {https://doi.org/10.2514/1.27553},
  year  = {2007},
  month = {sep},
  publisher = {American Institute of Aeronautics and Astronautics ({AIAA})},
  volume = {30},
  number = {5},
  pages = {1353--1366},
  author = {Behcet Acikmese and Scott R. Ploen},
  title = {Convex Programming Approach to Powered Descent Guidance for Mars Landing},
  journal = {Journal of Guidance,  Control,  and Dynamics}
}

@article{Blackmore2010,
  doi = {10.2514/1.47202},
  url = {https://doi.org/10.2514/1.47202},
  year  = {2010},
  month = {jul},
  publisher = {American Institute of Aeronautics and Astronautics ({AIAA})},
  volume = {33},
  number = {4},
  pages = {1161--1171},
  author = {Lars Blackmore and Behcet Acikmese and Daniel P. Scharf},
  title = {Minimum-Landing-Error Powered-Descent Guidance for Mars Landing Using Convex Optimization},
  journal = {Journal of Guidance,  Control,  and Dynamics}
}



@inproceedings{mip1icra2012,
  title={Mixed-Integer Quadratic Program Trajectory Generation for Heterogeneous Quadrotor Teams},
  author={Mellinger, Daniel and Kushleyev, Alex and Kumar, Vijay},
  booktitle={IEEE International Conference on Robotics and Automation},
  address={Saint Paul, Minnesota, USA},
  month={May},
  year={2012}
}

@inproceedings{mip2icra2015,
  title={Mixed Integer Quadratic Program Trajectory Generation for a Quadrotor with a Cable-Suspended Payload},
  author={Tang, Sarah and Kumar, Vijay},
  booktitle={IEEE International Conference on Robotics and Automation},
  address={Seattle, WA},
  month={May},
  year={2015}
}

@inproceedings{mip3icra2016,
  title={Aggressive Quadrotor Flight throgh Cluttered Environments Using Mixed Integer Programming},
  author={Landry, Benoit and Deits, Robin and Florence, Peter R. and Tedrake, Russ},
  booktitle={IEEE International Conference on Robotics and Automation},
  address={Stockholm, Sweden},
  month={May},
  year={2016}
}

@inproceedings{mao2016cdc, 
  author={Y. Mao and M. Szmuk and B. {A\c c\i kme\c se}}, 
  booktitle={2016 IEEE 55th Conference on Decision and Control (CDC)}, 
  title={Successive Convexification of Non-Convex Optimal Control Problems and its Convergence Properties}, 
  year={2016}, 
  pages={3636-3641}, 
  month={Dec}
}

@inproceedings{szmuk2018scitech,
  title={Successive Convexification for 6-DoF Mars Rocket Powered Landing with Free-Final-Time},
  author={Szmuk, Michael and {A\c c\i kme\c se}, Beh{\c{c}}et A},
  booktitle={AIAA Guidance, Navigation, and Control Conference},
  pages={0617},
  year={2018},
  address = {Kissimmee, FL, USA}
}

@article{mao2017aut,
  author={Mao, Yuanqi and Szmuk, Michael and {A\c c\i kme\c se}, Beh{\c{c}}et A},
  title = {Successive Convexification: A Superlinearly Convergent Algorithm for Non-convex Optimal Control Problems},
  journal = {ArXiv e-prints},
  year = {2018},
  month = {Apr},
  note = {arXiv:1804.06539}
}

@article{behcet2007jgcd,
  Author = {B. {A\c c\i kme\c se} and S. R. Ploen},
  Journal = {AIAA Journal of Guidance, Control and Dynamics},
  Number = {5},
  Pages = {1353--1366},
  Title = {Convex Programming Approach to Powered Descent Guidance for {M}ars Landing},
  Volume = {30},
  Year = {2007}}
  
  
@inproceedings{harpold1979, 
  author={Harpold, Jon and Graves, Claude A.}, 
  booktitle={Mission Planning and Analysis Division}, 
  title={Shuttle Entry Guidance}, 
  year={1979}, 
  address={NASA, Houston, Texas},
  month={February}
}

@article{WangEntry2020, 
  author={Wang, Zhenbho and Lu, Ye}, 
  journal={AIAA Journal of Spacecraft and Rockets}, 
  title={Improved Sequential Convex Programming Algorithms for Entry Trajectory Optimization}, 
  year={2020}, 
  month={May}
}

@inproceedings{szmuk2017iros,
  title={Convexification and Real-Time On-Board Optimization for Agile Quad-Rotor Maneuvering and Obstacle Avoidance},
  author={Szmuk, Michael and Pascucci, Carlo A. and Dueri, Daniel and {A\c c\i kme\c se}, Beh{\c{c}}et},
  booktitle={IEEE/RSJ International Conference on Intelligent Robots and Systems},
  address={Vancouver, Canada},
  month={September},
  year={2017}
} 

@inproceedings{szmuk2019iros,
  title={Real-Time Quad-Rotor Path Planning Using Convex Optimization and Compound State-Triggered Constraints},
  author={Szmuk, Michael and Malyuta, Danylo and Reynolds, Taylor P and Mceowen, Margaret Skye and {A\c c\i kme\c se}, Beh{\c{c}}et},
  booktitle={IEEE/RSJ International Conference on Intelligent Robots and Systems},
  address={Autonomous Controls Laboratory, Dept. of Aeronautics & Astronautics, University of Washington, Seattle, WA 98195, USA},
  month={October},
  year={2019}
}

@inproceedings{szmuk2016scitech,
  title={Successive Convexification for Fuel-Optimal Powered Landing with Aerodynamic Drag and Non-convex Constraints},
  author={Szmuk, Michael and {A\c c\i kme\c se}, Beh{\c{c}}et and Berning, Andrew W.},
  booktitle={AIAA Guidance, Navigation, and Control Conference},
  address={Autonomous Controls Laboratory, Dept. of Aeronautics & Astronautics, University of Washington, Seattle, WA 98195, USA},
  month={January},
  year={2016}
}

















